[gd_scene load_steps=7 format=2]

[ext_resource path="res://tile_set_scene_converted.tres" type="TileSet" id=1]
[ext_resource path="res://viking/viking2.png" type="Texture" id=2]
[ext_resource path="res://Player.gd" type="Script" id=3]

[sub_resource type="CapsuleShape2D" id=1]
radius = 8.0
height = 3.0

[sub_resource type="Animation" id=2]
resource_name = "New Anim"
loop = true
tracks/0/type = "value"
tracks/0/path = NodePath("Sprite:frame")
tracks/0/interp = 1
tracks/0/loop_wrap = true
tracks/0/imported = false
tracks/0/enabled = true
tracks/0/keys = {
"times": PoolRealArray( 0, 0.3, 0.6, 0.9 ),
"transitions": PoolRealArray( 1, 1, 1, 1 ),
"update": 1,
"values": [ 0, 1, 2, 3 ]
}

[sub_resource type="Animation" id=3]
length = 0.001
tracks/0/type = "value"
tracks/0/path = NodePath("Sprite:frame")
tracks/0/interp = 1
tracks/0/loop_wrap = true
tracks/0/imported = false
tracks/0/enabled = true
tracks/0/keys = {
"times": PoolRealArray( 0 ),
"transitions": PoolRealArray( 1 ),
"update": 0,
"values": [ 0 ]
}

[node name="World" type="Node2D"]
position = Vector2( 0, -1 )

[node name="TileMap" type="TileMap" parent="."]
position = Vector2( -2, 0 )
tile_set = ExtResource( 1 )
cell_size = Vector2( 64, 32 )
format = 1
tile_data = PoolIntArray( -458749, 0, 0, -393213, 1, 0, -262144, 0, 0, -262143, 0, 0, -131079, 0, 0, -131075, 0, 0, -196608, 0, 0, -196607, 0, 0, -196604, 0, 0, -65543, 1, 0, -4, 0, 0, -3, 0, 0, -2, 0, 0, -65535, 0, 0, -65534, 0, 0, -65533, 0, 0, 65531, 0, 0, 65532, 0, 0, 65533, 0, 0, 65534, 0, 0, 1, 0, 0, 2, 0, 0, 3, 0, 0, 131067, 1, 0, 131068, 1, 0, 131069, 1, 0, 131070, 1, 0, 131071, 1, 0, 65536, 1, 0, 65537, 1, 0, 65538, 1, 0, 65539, 1, 0 )

[node name="Player" type="KinematicBody2D" parent="."]
script = ExtResource( 3 )

[node name="Sprite" type="Sprite" parent="Player"]
texture = ExtResource( 2 )
hframes = 9
vframes = 6

[node name="CollisionShape2D" type="CollisionShape2D" parent="Player"]
position = Vector2( 3, 6.5 )
shape = SubResource( 1 )

[node name="Camera2D" type="Camera2D" parent="Player"]
current = true
zoom = Vector2( 0.4, 0.2 )

[node name="AnimationPlayer" type="AnimationPlayer" parent="Player"]
"anims/New Anim" = SubResource( 2 )
anims/RESET = SubResource( 3 )
